<collection xmlns="http://www.loc.gov/MARC21/slim">
<record>
  <leader>01573nam0a2200265 i 450 </leader>
  <controlfield tag="001">IT\ICCU\CNCE\039341</controlfield>
  <controlfield tag="005">20071228000000.0</controlfield>
  <datafield tag="012" ind1=" " ind2=" ">
    <subfield code="a">nis- e.re e.re EgD&apos; (3) 1598 (R)</subfield>
    <subfield code="2">fei</subfield>
  </datafield>
  <datafield tag="100" ind1=" " ind2=" ">
    <subfield code="a">19981031d1598        0itac0103    ba</subfield>
  </datafield>
  <datafield tag="101" ind1=" " ind2=" ">
    <subfield code="a">ITA</subfield>
  </datafield>
  <datafield tag="102" ind1=" " ind2=" ">
    <subfield code="a">IT</subfield>
  </datafield>
  <datafield tag="200" ind1="1" ind2=" ">
    <subfield code="a">Specchio di diuina contemplatione in ottaua rima. Gaudio spirituale e letitia dell&apos;anima per inalzarsi a Dio, et in esso rallegrarsi, e riposarsi. Doue si spiegano assaissimi diuini misteri. Per il venerabile prete Gioanbattista di Fideli pugliese</subfield>
  </datafield>
  <datafield tag="210" ind1=" " ind2=" ">
    <subfield code="a">In Venetia</subfield>
    <subfield code="c">appresso Sebastian Combi</subfield>
    <subfield code="d">1598</subfield>
  </datafield>
  <datafield tag="215" ind1=" " ind2=" ">
    <subfield code="a">67, \1! c.</subfield>
    <subfield code="d">8ʻ</subfield>
  </datafield>
  <datafield tag="300" ind1=" " ind2=" ">
    <subfield code="a">A c. 41 altro front.: Corona de i priuilegii, eccellenze e prerogative de la beata Vergine alma madre di Dio</subfield>
  </datafield>
  <datafield tag="423" ind1=" " ind2="0">
    <subfield code="1">001IT\ICCU\CNCE\052985</subfield>
    <subfield code="1">2001 </subfield>
    <subfield code="a">Corona de i priuilegii, eccellenze e prerogative de la beata Vergine alma madre di Dio. In ottaua rima.</subfield>
  </datafield>
  <datafield tag="620" ind1=" " ind2=" ">
    <subfield code="a">IT</subfield>
    <subfield code="d">Venezia</subfield>
  </datafield>
  <datafield tag="700" ind1=" " ind2="1">
    <subfield code="a">Fedeli,</subfield>
    <subfield code="b">Giovanni Battista</subfield>
    <subfield code="3">IT\ICCU\CNCA\011084</subfield>
  </datafield>
  <datafield tag="712" ind1="0" ind2="0">
    <subfield code="a">Combi, Sebastiano</subfield>
    <subfield code="3">IT\ICCU\CNCT\000256</subfield>
    <subfield code="4">650</subfield>
  </datafield>
  <datafield tag="790" ind1=" " ind2="1">
    <subfield code="a">Fedeli,</subfield>
    <subfield code="b">Giovanni Battista : de</subfield>
    <subfield code="3">IT\ICCU\CNCA\018873</subfield>
    <subfield code="z">Fedeli, Giovanni Battista</subfield>
  </datafield>
  <datafield tag="790" ind1=" " ind2="1">
    <subfield code="a">Fideli,</subfield>
    <subfield code="b">Giovanni Battista : de</subfield>
    <subfield code="3">IT\ICCU\CNCA\029507</subfield>
    <subfield code="z">Fedeli, Giovanni Battista</subfield>
  </datafield>
  <datafield tag="801" ind1=" " ind2="3">
    <subfield code="a">IT</subfield>
    <subfield code="b">ICCU</subfield>
    <subfield code="c">20201114</subfield>
  </datafield>
  <datafield tag="899" ind1=" " ind2=" ">
    <subfield code="a">Biblioteca nazionale Marciana. Venezia</subfield>
    <subfield code="1">VE0049</subfield>
    <subfield code="2">VEA BM</subfield>
  </datafield>
  <datafield tag="911" ind1=" " ind2=" ">
    <subfield code="a">Sul front. e a c. 41</subfield>
    <subfield code="9">IT\ICCU\CNCM\002044</subfield>
  </datafield>
  <datafield tag="921" ind1=" " ind2=" ">
    <subfield code="a">IT\ICCU\CNCM\002044</subfield>
    <subfield code="b">Madonna con bambino tra due angeli oranti, all&apos;interno di edicola. In alto Dio padre, in basso: Lanconeta.</subfield>
    <subfield code="c">U610</subfield>
    <subfield code="d">Dimensioni: 5 x 5,5</subfield>
    <subfield code="f">MADONNA</subfield>
    <subfield code="f">LANCONETA</subfield>
    <subfield code="g">1598-1600</subfield>
  </datafield>
</record>
</collection>
